<?xml version="1.0" encoding="UTF-8"?><collection xmlns="http://www.loc.gov/MARC21/slim"><record><leader>00377nam--2200133-i-4500</leader><controlfield tag="001">000013239</controlfield><controlfield tag="002">20161230</controlfield><controlfield tag="005">20161230201030</controlfield><controlfield tag="008">060222s1000------------r-----000-0-eng-d</controlfield><datafield ind1=" " ind2=" " tag="100"><subfield code="a">Dawber, P.G.And Elliott, J.P</subfield></datafield><datafield ind1=" " ind2=" " tag="245"><subfield code="a">Symmetry in physics vol.1: principles and simple applications</subfield></datafield><datafield ind1=" " ind2=" " tag="260"><subfield code="a">London, The Macmillan Press Ltd., 1979</subfield></datafield><datafield ind1=" " ind2=" " tag="490"><subfield code="a">Xv+273p.+vi</subfield></datafield><datafield ind1=" " ind2=" " tag="852"><subfield code="a">530.1</subfield></datafield></record></collection>